<record><leader>00000cas a2200000 a 4500</leader><controlfield tag="001">12624678</controlfield><controlfield tag="008">851002c19199999ksumr ne      0   a0eng d</controlfield><datafield ind1=" " ind2=" " tag="010"><subfield code="a">sn 85032515 </subfield></datafield><datafield ind1=" " ind2=" " tag="040"><subfield code="a">KSH</subfield><subfield code="b">eng</subfield><subfield code="c">KSH</subfield><subfield code="d">NPT</subfield><subfield code="d">NSD</subfield><subfield code="d">OCLCQ</subfield></datafield><datafield ind1=" " ind2=" " tag="012"><subfield code="l">1</subfield></datafield><datafield ind1="1" ind2=" " tag="022"><subfield code="a">0898-4360</subfield><subfield code="l">0898-4360</subfield><subfield code="2">1</subfield></datafield><datafield ind1=" " ind2=" " tag="032"><subfield code="a">434620</subfield><subfield code="b">USPS</subfield></datafield><datafield ind1=" " ind2=" " tag="037"><subfield code="b">Plaindealer Publishing, Inc., 3830 S. Meridian, Wichita, KS 67217</subfield></datafield><datafield ind1=" " ind2=" " tag="042"><subfield code="a">msc</subfield><subfield code="a">nsdp</subfield></datafield><datafield ind1="0" ind2=" " tag="130"><subfield code="a">Plaindealer (Wichita, Kan. : 1919)</subfield></datafield><datafield ind1=" " ind2="4" tag="222"><subfield code="a">The Plaindealer</subfield><subfield code="b">(Wichita, Kan. 1919)</subfield></datafield><datafield ind1="1" ind2="4" tag="245"><subfield code="a">The plaindealer.</subfield></datafield><datafield ind1=" " ind2=" " tag="260"><subfield code="a">Wichita, Kan. :</subfield><subfield code="b">Wichita Trades and Labor Assembly</subfield></datafield><datafield ind1=" " ind2=" " tag="300"><subfield code="a">v. :</subfield><subfield code="b">ill. ;</subfield><subfield code="c">53 cm.</subfield></datafield><datafield ind1=" " ind2=" " tag="310"><subfield code="a">Monthly,</subfield><subfield code="b">Jan. 1988-</subfield></datafield><datafield ind1=" " ind2=" " tag="321"><subfield code="a">Weekly,</subfield><subfield code="b">1919-1987</subfield></datafield><datafield ind1="1" ind2=" " tag="362"><subfield code="a">Began in 1919.</subfield><subfield code="z">Cf. Ayer, 1924.</subfield></datafield><datafield ind1=" " ind2=" " tag="500"><subfield code="a">Published by: J.E. Tilma, Feb. 24, 1933-&lt;June 23, 1945&gt;; Tom Tilma, &lt;July 7&gt;-20, 1945; Tilma Pub. Co., July 27, 1945-19 ; Plaindealer Publishing, Inc., &lt;Apr. 1988&gt;-</subfield></datafield><datafield ind1=" " ind2=" " tag="500"><subfield code="a">"Officially endorsed by the Wichita Labor Federation, AFL-CIO."</subfield></datafield><datafield ind1=" " ind2=" " tag="525"><subfield code="a">Supplements included.</subfield></datafield><datafield ind1=" " ind2=" " tag="588"><subfield code="a">Description based on: Vol. 2, no. 20 (Oct. 15, 1920).</subfield></datafield><datafield ind1=" " ind2=" " tag="588"><subfield code="a">Latest issue consulted: Vol. 70, no. 20 (Apr. 1988).</subfield></datafield><datafield ind1=" " ind2=" " tag="752"><subfield code="a">United States</subfield><subfield code="b">Kansas</subfield><subfield code="c">Sedgwick</subfield><subfield code="d">Wichita.</subfield></datafield><datafield ind1="1" ind2=" " tag="029"><subfield code="a">AU@</subfield><subfield code="b">000025071571</subfield></datafield></record>